@article{henzinger2003giotto,
  title={Giotto: A time-triggered language for embedded programming},
  author={Henzinger, Thomas A and Horowitz, Benjamin and Kirsch, Christoph M},
  journal={Proceedings of the IEEE},
  volume={91},
  number={1},
  pages={84--99},
  year={2003},
  publisher={IEEE}
}
@article{kopetz2003tta,
  title={The time-triggered architecture},
  author={Kopetz, Hermann and Bauer, G{\"u}nther},
  journal={Proceedings of the IEEE},
  volume={91},
  number={1},
  pages={112--126},
  year={2003},
  publisher={IEEE}
}
@Inbook{bin_packing_pb,
title="Bin-Packing",
bookTitle="Combinatorial Optimization: Theory and Algorithms",
year="2006",
publisher="Springer Berlin Heidelberg",
address="Berlin, Heidelberg",
pages="426--441",
isbn="978-3-540-29297-5",
doi="10.1007/3-540-29297-7_18",
}
@inproceedings{kopetz1998timetriggered,
  title={The time-triggered model of computation},
  author={Kopetz, Hermann},
  booktitle={Proceedings 19th IEEE Real-Time Systems Symposium (Cat. No. 98CB36279)},
  pages={168--177},
  year={1998},
  organization={IEEE}
}
@article{liu1973scheduling,
  title={Scheduling algorithms for multiprogramming in a hard-real-time environment},
  author={Liu, Chung Laung and Layland, James W},
  journal={Journal of the ACM (JACM)},
  volume={20},
  number={1},
  pages={46--61},
  year={1973},
  publisher={ACM New York, NY, USA}
}
@inproceedings{lopez2000wcUEDF,
  title={Worst-case utilization bound for EDF scheduling on real-time multiprocessor systems},
  author={L{\'o}pez, Jose Maria and Garc{\'\i}a, Manuel and Diaz, Jos{\'e} Luis and Garcia, Daniel F},
  booktitle={Proceedings 12th Euromicro Conference on Real-Time Systems. Euromicro RTS 2000},
  pages={25--33},
  year={2000},
  organization={IEEE}
}
@article{oh1993tightRMFFBound,
  title={Tight performance bounds of heuristics for a real-time scheduling problem},
  author={Oh, Yingfeng and Son, Sang H},
  journal={Submitted for Publication},
  year={1993},
  publisher={Citeseer}
}
@article{li2015globalEDF,
  title={Global EDF scheduling for parallel real-time tasks},
  author={Li, Jing and Luo, Zheng and Ferry, David and Agrawal, Kunal and Gill, Christopher and Lu, Chenyang},
  journal={Real-Time Systems},
  volume={51},
  pages={395--439},
  year={2015},
  publisher={Springer}
}
@inproceedings{brandenburg2008scalability,
  title={On the scalability of real-time scheduling algorithms on multicore platforms: A case study},
  author={Brandenburg, Bj{\"o}rn B and Calandrino, John M and Anderson, James H},
  booktitle={2008 Real-Time Systems Symposium},
  pages={157--169},
  year={2008},
  organization={IEEE}
}

@inproceedings{cho2006LLREF,
  title={An optimal real-time scheduling algorithm for multiprocessors},
  author={Cho, Hyeonjoong and Ravindran, Binoy and Jensen, E Douglas},
  booktitle={2006 27th IEEE International Real-Time Systems Symposium (RTSS'06)},
  pages={101--110},
  year={2006},
  organization={IEEE}
}
@inproceedings{baruah1993PFair,
  title={Proportionate progress: A notion of fairness in resource allocation},
  author={Baruah, Sanjoy K and Cohen, Neil K and Plaxton, C Greg and Varvel, Donald A},
  booktitle={Proceedings of the twenty-fifth annual ACM symposium on Theory of computing},
  pages={345--354},
  year={1993}
}

@inproceedings{srinivasan2003globalbetterthanpart,
  title={The case for fair multiprocessor scheduling},
  author={Srinivasan, Anand and Holman, Philip and Anderson, James H and Baruah, Sanjoy},
  booktitle={Proceedings International Parallel and Distributed Processing Symposium},
  pages={10--pp},
  year={2003},
  organization={IEEE}
}

@incollection{yip2023letsynchronise,
  title={LetSynchronise: An open-source framework for analysing and optimising logical execution time systems},
  author={Yip, Eugene and Kuo, Matthew MY},
  booktitle={Proceedings of Cyber-Physical Systems and Internet of Things Week 2023},
  pages={349--354},
  year={2023}
}
@article{buttazzo2005RMvsEDF,
  title={Rate monotonic vs. EDF: Judgment day},
  author={Buttazzo, Giorgio C},
  journal={Real-Time Systems},
  volume={29},
  pages={5--26},
  year={2005},
  publisher={Springer}
}
@inproceedings{matschulat2007EREDF,
  title={ER-EDF: A QoS scheduler for real-time embedded systems},
  author={Matschulat, David and Marcon, Cesar AM and Hessel, Fabiano},
  booktitle={18th IEEE/IFIP International Workshop on Rapid System Prototyping (RSP'07)},
  pages={181--188},
  year={2007},
  organization={IEEE}
}
@inproceedings{yip2014relaxing,
  title={Relaxing the synchronous approach for mixed-criticality systems},
  author={Yip, Eugene and Kuo, Matthew MY and Roop, Partha S and Broman, David},
  booktitle={2014 IEEE 19th Real-Time and Embedded Technology and Applications Symposium (RTAS)},
  pages={89--100},
  year={2014},
  organization={IEEE}
}
@article{yip2018optimizedBufferingTT,
  title={Optimized Buffering of Time-Triggered Automotive Software},
  author={Yip, Eugene and Lalo, Erjola and L{\"u}ttgen, Gerald and Deubzer, Michael and Sailer, Andreas},
  year={2018},
  publisher={opus}
}

@article{wei2011reliabilityILP,
  title={Reliability-driven energy-efficient task scheduling for multiprocessor real-time systems},
  author={Wei, Tongquan and Chen, Xiaodao and Hu, Shiyan},
  journal={IEEE Transactions on Computer-Aided Design of Integrated Circuits and Systems},
  volume={30},
  number={10},
  pages={1569--1573},
  year={2011},
  publisher={IEEE}
}

@article{maiza2019survey,
  title={A survey of timing verification techniques for multi-core real-time systems},
  author={Maiza, Claire and Rihani, Hamza and Rivas, Juan M and Goossens, Jo{\"e}l and Altmeyer, Sebastian and Davis, Robert I},
  journal={ACM Computing Surveys (CSUR)},
  volume={52},
  number={3},
  pages={1--38},
  year={2019},
  publisher={ACM New York, NY, USA}
}
@inproceedings{henzinger2009distributed,
  title={Distributed, modular HTL},
  author={Henzinger, Thomas A and Kirsch, Christoph M and Marques, Eduardo RB and Sokolova, Ana},
  booktitle={2009 30th IEEE Real-Time Systems Symposium},
  pages={171--180},
  year={2009},
  organization={IEEE}
}
@article{henzinger2007embedded,
  title={The Embedded Machine: Predictable, portable real-time code},
  author={Henzinger, Thomas A and Kirsch, Christoph M},
  journal={ACM Transactions on Programming Languages and Systems (TOPLAS)},
  volume={29},
  number={6},
  pages={33--es},
  year={2007},
  publisher={ACM New York, NY, USA}
}
@article{gemlau2021systemLET,
  title={System-level logical execution time: Augmenting the logical execution time paradigm for distributed real-time automotive software},
  author={Gemlau, Kai-Bj{\"o}rn and K{\"o}hler, Leonie and Ernst, Rolf and Quinton, Sophie},
  journal={ACM Transactions on Cyber-Physical Systems},
  volume={5},
  number={2},
  pages={1--27},
  year={2021},
  publisher={ACM New York, NY, USA}
}
@inproceedings{panic2014autosar_static,
  title={Runpar: An allocation algorithm for automotive applications exploiting runnable parallelism in multicores},
  author={Pani{\'c}, Milo{\v{s}} and Kehr, Sebastian and Qui{\~n}ones, Eduardo and Boddecker, Bert and Abella, Jaume and Cazorla, Francisco J},
  booktitle={Proceedings of the 2014 International Conference on Hardware/Software Codesign and System Synthesis},
  pages={1--10},
  year={2014}
}
@INPROCEEDINGS{Yano2021ContentionFree,
  author={Yano, Atsushi and Igarashi, Shingo and Azumi, Takuya},
  booktitle={2021 IEEE/ACM 25th International Symposium on Distributed Simulation and Real Time Applications (DS-RT)}, 
  title={Contention-Free Scheduling Algorithm Using LET Paradigm for Clustered Many-core Processor}, 
  year={2021},
  pages={1-4},
  doi={10.1109/DS-RT52167.2021.9576147}
}
@article{davis2011improvedTDA,
  title={Improved priority assignment for global fixed priority pre-emptive scheduling in multiprocessor real-time systems},
  author={Davis, Robert I and Burns, Alan},
  journal={Real-Time Systems},
  volume={47},
  pages={1--40},
  year={2011},
  publisher={Springer}
}
@article{du1989schedNPhard,
  title={Complexity of scheduling parallel task systems},
  author={Du, Jianzhong and Leung, Joseph Y-T},
  journal={SIAM Journal on Discrete Mathematics},
  volume={2},
  number={4},
  pages={473--487},
  year={1989},
  publisher={SIAM}
}

@inproceedings{gunzel2021rtas_endtoend,
  title={Timing analysis of asynchronized distributed cause-effect chains},
  author={G{\"u}nzel, Mario and Chen, Kuan-Hsun and Ueter, Niklas and von der Br{\"u}ggen, Georg and D{\"u}rr, Marco and Chen, Jian-Jia},
  booktitle={2021 IEEE 27th Real-Time and Embedded Technology and Applications Symposium (RTAS)},
  pages={40--52},
  year={2021},
  organization={IEEE}
}

@article{lee2020panda,
  title={Panda: Reinforcement learning-based priority assignment for multi-processor real-time scheduling},
  author={Lee, Hyunsung and Lee, Jinkyu and Yeom, Ikjun and Woo, Honguk},
  journal={IEEE Access},
  volume={8},
  pages={185570--185583},
  year={2020},
  publisher={IEEE}
}


@inproceedings{andersson2008DMDS,
  title={Global static-priority preemptive multiprocessor scheduling with utilization bound 38\%},
  author={Andersson, Bj{\"o}rn},
  booktitle={International Conference on Principles of Distributed Systems},
  pages={73--88},
  year={2008},
  organization={Springer}
}
@article{audsley2001OPA,
  title={On priority assignment in fixed priority scheduling},
  author={Audsley, Neil C},
  journal={Information Processing Letters},
  volume={79},
  number={1},
  pages={39--44},
  year={2001},
  publisher={Elsevier}
}
@article{bertogna2008RTA_test,
  title={Schedulability analysis of global scheduling algorithms on multiprocessor platforms},
  author={Bertogna, Marko and Cirinei, Michele and Lipari, Giuseppe},
  journal={IEEE Transactions on parallel and distributed systems},
  volume={20},
  number={4},
  pages={553--566},
  year={2008},
  publisher={IEEE}
}
@inproceedings{andersson2000DMDkC,
  title={Fixed-priority preemptive multiprocessor scheduling: to partition or not to partition},
  author={Andersson, Bj{\"o}rn and Jonsson, Jan},
  booktitle={Proceedings Seventh International Conference on Real-Time Computing Systems and Applications},
  pages={337--346},
  year={2000},
  organization={IEEE}
}
@article{nagalakshmi2016impact,
  title={The impact of interference due to resource contention in multicore platform for safety-critical avionics systems},
  author={Nagalakshmi, K and Gomathi, N},
  journal={Int. J. Res. Eng. Appl. Manage.},
  volume={2},
  number={8},
  pages={39--48},
  year={2016}
}

@INPROCEEDINGS{Igarashi2020HeuristicContFree,
  author={Igarashi, Shingo and Ishigooka, Tasuku and Horiguchi, Tatsuya and Koike, Ryotaro and Azumi, Takuya},
  booktitle={2020 IEEE/ACM 24th International Symposium on Distributed Simulation and Real Time Applications (DS-RT)}, 
  title={Heuristic Contention-Free Scheduling Algorithm for Multi-core Processor using LET Model}, 
  year={2020},
  pages={1-10},
  doi={10.1109/DS-RT50469.2020.9213582}
}


@misc{biondi2018LETruntimeoverhead,
  title={Achieving predictable multicore execution of automotive applications using the LET paradigm. In 2018 IEEE Real-Time and Embedded Technology and Applications Symposium (RTAS)},
  author={Biondi, Alessandro and Di Natale, Marco},
  year={2018},
  publisher={IEEE}
}


@article{kirsch2012logical,
  title={The logical execution time paradigm},
  author={Kirsch, Christoph M and Sokolova, Ana},
  journal={Advances in Real-Time Systems},
  pages={103--120},
  year={2012},
  publisher={Springer}
}